@article{moura:coro,
 author = {Moura, Ana L\'{u}cia De and Ierusalimschy, Roberto},
 title = {Revisiting Coroutines},
 journal = {ACM Trans. Program. Lang. Syst.},
 issue_date = {February 2009},
 volume = {31},
 number = {2},
 month = feb,
 year = {2009},
 issn = {0164-0925},
 pages = {6:1--6:31},
 articleno = {6},
 numpages = {31},
 url = {http://doi.acm.org/10.1145/1462166.1462167},
 doi = {10.1145/1462166.1462167},
 acmid = {1462167},
 publisher = {ACM},
 address = {New York, NY, USA},
 keywords = {Continuations, generators, multitasking},
} 

@inproceedings{james2011yield,
  title={Yield: Mainstream delimited continuations},
  author={James, Roshan P and Sabry, Amr},
  booktitle={First International Workshop on the Theory and Practice of Delimited Continuations (TPDC 2011)},
  pages={20},
  year={2011}
}

@inproceedings{pearce:whiley,
 author = {Pearce, David J.},
 title = {A Calculus for Constraint-based Flow Typing},
 booktitle = {Proceedings of the 15th Workshop on Formal Techniques for Java-like Programs},
 series = {FTfJP '13},
 year = {2013},
 isbn = {978-1-4503-2042-9},
 location = {Montpellier, France},
 pages = {7:1--7:7},
 articleno = {7},
 numpages = {7},
 url = {http://doi.acm.org/10.1145/2489804.2489810},
 doi = {10.1145/2489804.2489810},
 acmid = {2489810},
 publisher = {ACM},
 address = {New York, NY, USA},
 keywords = {flow typing, structural typing, type theory},
} 

@inproceedings{winther:flow,
 author = {Winther, Johnni},
 title = {Guarded Type Promotion: Eliminating Redundant Casts in Java},
 booktitle = {Proceedings of the 13th Workshop on Formal Techniques for Java-Like Programs},
 series = {FTfJP '11},
 year = {2011},
 isbn = {978-1-4503-0893-9},
 location = {Lancaster, United Kingdom},
 pages = {6:1--6:8},
 articleno = {6},
 numpages = {8},
 url = {http://doi.acm.org/10.1145/2076674.2076680},
 doi = {10.1145/2076674.2076680},
 acmid = {2076680},
 publisher = {ACM},
 address = {New York, NY, USA},
 keywords = {Java, type cast, type checking},
} 

@inproceedings{tobin:occur,
 author = {Tobin-Hochstadt, Sam and Felleisen, Matthias},
 title = {Logical Types for Untyped Languages},
 booktitle = {Proceedings of the 15th ACM SIGPLAN International Conference on Functional Programming},
 series = {ICFP '10},
 year = {2010},
 isbn = {978-1-60558-794-3},
 location = {Baltimore, Maryland, USA},
 pages = {117--128},
 numpages = {12},
 url = {http://doi.acm.org/10.1145/1863543.1863561},
 doi = {10.1145/1863543.1863561},
 acmid = {1863561},
 publisher = {ACM},
 address = {New York, NY, USA},
 keywords = {logic, type systems, untyped languages},
} 

@inproceedings{black:grace,
 author = {Black, Andrew P. and Bruce, Kim B. and Homer, Michael and Noble, James and Ruskin, Amy and Yannow, Richard},
 title = {Seeking {Grace}: A New Object-oriented Language for Novices},
 booktitle = {Proceeding of the 44th {ACM} Technical Symposium on Computer Science Education},
 series = {{SIGCSE '13}},
 year = {2013},
 isbn = {978-1-4503-1868-6},
 location = {Denver, Colorado, USA},
 pages = {129--134},
 numpages = {6},
 url = {http://doi.acm.org/10.1145/2445196.2445240},
 doi = {10.1145/2445196.2445240},
 acmid = {2445240},
 publisher = {ACM},
 address = {New York, NY, USA},
 keywords = {CS1, CS2, novice, object-oriented language},
} 

@inproceedings{tobin:gradual,
 author = {Takikawa, Asumu and Strickland, T. Stephen and Dimoulas, Christos and Tobin-Hochstadt, Sam and Felleisen, Matthias},
 title = {Gradual Typing for First-class Classes},
 booktitle = {Proceedings of the ACM International Conference on Object Oriented Programming Systems Languages and Applications},
 series = {OOPSLA '12},
 year = {2012},
 isbn = {978-1-4503-1561-6},
 location = {Tucson, Arizona, USA},
 pages = {793--810},
 numpages = {18},
 url = {http://doi.acm.org/10.1145/2384616.2384674},
 doi = {10.1145/2384616.2384674},
 acmid = {2384674},
 publisher = {ACM},
 address = {New York, NY, USA},
 keywords = {blame theorem (proof technique), contracts, design by contract, first-class classes, gradual typing, row polymorphism, sealing},
} 

@inproceedings{ina:gradual,
 author = {Ina, Lintaro and Igarashi, Atsushi},
 title = {Gradual Typing for Generics},
 booktitle = {Proceedings of the 2011 ACM International Conference on Object Oriented Programming Systems Languages and Applications},
 series = {OOPSLA '11},
 year = {2011},
 isbn = {978-1-4503-0940-0},
 location = {Portland, Oregon, USA},
 pages = {609--624},
 numpages = {16},
 url = {http://doi.acm.org/10.1145/2048066.2048114},
 doi = {10.1145/2048066.2048114},
 acmid = {2048114},
 publisher = {ACM},
 address = {New York, NY, USA},
 keywords = {dynamic types, generics, gradual typing},
} 

@inproceedings{guha:flow,
 author = {Guha, Arjun and Saftoiu, Claudiu and Krishnamurthi, Shriram},
 title = {Typing Local Control and State Using Flow Analysis},
 booktitle = {Proceedings of the 20th European Conference on Programming Languages and Systems: Part of the Joint European Conferences on Theory and Practice of Software},
 series = {ESOP'11/ETAPS'11},
 year = {2011},
 isbn = {978-3-642-19717-8},
 location = {Saarbr\&\#252;cken, Germany},
 pages = {256--275},
 numpages = {20},
 url = {http://dl.acm.org/citation.cfm?id=1987211.1987225},
 acmid = {1987225},
 publisher = {Springer-Verlag},
 address = {Berlin, Heidelberg},
} 

@inproceedings{abadi1989dts,
  author={Abadi, Martin and Cardelli, Luca and Pierce, Benjamin and Plotkin, Gordon},
  title = {Dynamic Typing in a Statically-typed Language},
  booktitle = {Proceedings of the 16th ACM SIGPLAN-SIGACT Symposium on Principles of Programming Languages},
  series = {POPL '89},
  year = {1989},
  @isbn = {0-89791-294-2},
  location = {Austin, Texas, USA},
  pages = {213--227},
  numpages = {15},
  @url = {http://doi.acm.org/10.1145/75277.75296},
  @doi = {10.1145/75277.75296},
  @acmid = {75296},
  publisher = {ACM},
  address = {New York, NY, USA},
}

@inproceedings{ahmed2011bfa,
  author = {Ahmed, Amal and Findler, Robert Bruce and Siek, Jeremy G. and Wadler, Philip},
  title = {Blame for All},
  booktitle = {Proceedings of the 38th Annual ACM SIGPLAN-SIGACT Symposium on Principles of Programming Languages},
  series = {POPL '11},
  year = {2011},
  @isbn = {978-1-4503-0490-0},
  location = {Austin, Texas, USA},
  pages = {201--214},
  numpages = {14},
  @url = {http://doi.acm.org/10.1145/1926385.1926409},
  @doi = {10.1145/1926385.1926409},
  @acmid = {1926409},
  publisher = {ACM},
  address = {New York, NY, USA},
  @keywords = {blame tracking, casts, coercions, lambda-calculus},
} 

@inproceedings{allende2013cis,
  author = {Allende, Esteban and Fabry, Johan and Tanter, \'{E}ric},
  title = {Cast Insertion Strategies for Gradually-typed Objects},
  booktitle = {Proceedings of the 9th Symposium on Dynamic Languages},
  series = {DLS '13},
  year = {2013},
  @isbn = {978-1-4503-2433-5},
  location = {Indianapolis, Indiana, USA},
  pages = {27--36},
  numpages = {10},
  @url = {http://doi.acm.org/10.1145/2508168.2508171},
  @doi = {10.1145/2508168.2508171},
  acmid = {2508171},
  publisher = {ACM},
  address = {New York, NY, USA},
  keywords = {casts, gradual typing, gradualtalk},
} 

@article{allende2013gts,
  author = {Esteban Allende and Oscar Calla{\'u} and Johan Fabry and {\'E}ric Tanter and Marcus Denker},
  title = {Gradual Typing for {Smalltalk}},
  journal = {Science of Computer Programming},
  publisher = {Elsevier},
  @note = {Available online},
  @urldoi = {http://dx.doi.org/10.1016/j.scico.2013.06.006},
  @urlpdf = {http://pleiad.dcc.uchile.cl/papers/2013/allendeAl-scp2013.pdf},
  @users = {eallende , ocallau , jfabry , etanter},
  year = 2013,
  month = aug,
}

@article{anderson2003babyj,
  author = {Anderson, Christopher and Drossopoulou, Sophia},
  title = {{BabyJ}: From object based to class based programming via types},
  journal = {Electronic Notes in Theoretical Computer Science},
  volume = {82},
  number = {8},
  pages = {53--81},
  year = {2003},
  publisher = {Elsevier}
}

@inproceedings{black2012grace,
  author = {Black, Andrew P. and Bruce, Kim B. and Homer, Michael and Noble, James},
  title = {{Grace}: The Absence of (Inessential) Difficulty},
  booktitle = {Proceedings of the {ACM} International Symposium on New Ideas, New Paradigms, and Reflections on Programming and Software},
  series = {Onward! '12},
  year = {2012},
  @isbn = {978-1-4503-1562-3},
  location = {Tucson, Arizona, USA},
  pages = {85--98},
  numpages = {14},
  @url = {http://doi.acm.org/10.1145/2384592.2384601},
  @doi = {10.1145/2384592.2384601},
  @acmid = {2384601},
  publisher = {ACM},
  address = {New York, NY, USA},
  @keywords = {grace},
}

@inproceedings{black2013sg,
  author = {Black, Andrew P. and Bruce, Kim B. and Homer, Michael and Noble, James and Ruskin, Amy and Yannow, Richard},
  title = {Seeking {Grace}: A New Object-oriented Language for Novices},
  booktitle = {Proceedings of the 44th ACM Technical Symposium on Computer Science Education},
  series = {SIGCSE '13},
  year = {2013},
  @isbn = {978-1-4503-1868-6},
  location = {Denver, Colorado, USA},
  pages = {129--134},
  numpages = {6},
  @url = {http://doi.acm.org/10.1145/2445196.2445240},
  @doi = {10.1145/2445196.2445240},
  @acmid = {2445240},
  publisher = {ACM},
  address = {New York, NY, USA},
  @keywords = {CS1, CS2, novice, object-oriented language},
}

@mastersthesis{bonnaire-sergeant2012typed-clojure,
  author = {Bonnaire-Sergeant, Ambrose},
  title = {A Practical Optional Type System for {Clojure}},
  school = {University of Western Australia},
  year = {2012},
}

@inproceedings{bracha1993strongtalk,
  author = {Bracha, Gilad and Griswold, David},
  title = {{Strongtalk}: Typechecking {Smalltalk} in a Production Environment},
  booktitle = {Proceedings of the Eighth Annual Conference on Object-Oriented Programming Systems, Languages, and Applications},
  series = {OOPSLA '93},
  year = {1993},
  @isbn = {0-89791-587-9},
  location = {Washington, D.C., USA},
  pages = {215--230},
  numpages = {16},
  @url = {http://doi.acm.org/10.1145/165854.165893},
  @doi = {10.1145/165854.165893},
  @acmid = {165893},
  publisher = {ACM},
  address = {New York, NY, USA},
}

@inproceedings{bracha1996strongtalk,
  author = {Bracha, Gilad},
  title = {The {Strongtalk} Type System for {Smalltalk}},
  booktitle = {Proceedings of the Workshop on Extending the Smalltalk Language},
  series = {OOPSLA},
  year = {1996}, 
}

@inproceedings{bracha2004pluggable,
  author = {Gilad Bracha},
  title = {Pluggable Type Systems},
  booktitle = {Proceedings of the Workshop on Revival of Dynamic Languages},
  month = {October},
  series = {OOPSLA},
  year = {2004},
}

@inproceedings{cartwright1991soft,
  author = {Cartwright, Robert and Fagan, Mike},
  title = {Soft Typing},
  booktitle = {Proceedings of the ACM SIGPLAN 1991 Conference on Programming Language Design and Implementation},
  series = {PLDI '91},
  year = {1991},
  @isbn = {0-89791-428-7},
  location = {Toronto, Ontario, Canada},
  pages = {278--292},
  numpages = {15},
  @url = {http://doi.acm.org/10.1145/113445.113469},
  @doi = {10.1145/113445.113469},
  @acmid = {113469},
  publisher = {ACM},
  address = {New York, NY, USA},
}

@misc{dart,
  author = {Google},
  title = {{Dart}},
  year = {2011},
  howpublished = {\url{https://www.dartlang.org/}},
  note = {[Visited on February 2014]}, 
}

@inproceedings{findler2002chf,
  author = {Findler, Robert Bruce and Felleisen, Matthias},
  title = {Contracts for Higher-order Functions},
  booktitle = {Proceedings of the 7th ACM SIGPLAN International Conference on Functional Programming},
  series = {ICFP '02},
  year = {2002},
  @isbn = {1-58113-487-8},
  location = {Pittsburgh, PA, USA},
  pages = {48--59},
  numpages = {12},
  @url = {http://doi.acm.org/10.1145/581478.581484},
  @doi = {10.1145/581478.581484},
  @acmid = {581484},
  publisher = {ACM},
  address = {New York, NY, USA},
  @keywords = {behavioral specifications, contracts, higher-order functions, predicate typing, solfware reliability},
}

@inproceedings{flanagan2006htc,
  author = {Flanagan, Cormac},
  title = {Hybrid Type Checking},
  booktitle = {Conference Record of the 33rd ACM SIGPLAN-SIGACT Symposium on Principles of Programming Languages},
  series = {POPL '06},
  year = {2006},
  @isbn = {1-59593-027-2},
  location = {Charleston, South Carolina, USA},
  pages = {245--256},
  numpages = {12},
  @url = {http://doi.acm.org/10.1145/1111037.1111059},
  @doi = {10.1145/1111037.1111059},
  @acmid = {1111059},
  publisher = {ACM},
  address = {New York, NY, USA},
  @keywords = {contracts, dynamic checking, static checking, type systems},
}

@inproceedings{fleutot2007contrasting,
  author = {Fleutot, Fabien and Tratt, Laurence},
  title = {Contrasting compile-time meta-programming in {Metalua} and {Converge}},
  booktitle = {Proceedings of the Workshop on Dynamic Languages and Applications},
  year = {2007},
}

@inproceedings{gronski2006sage,
  author = {Jessica Gronski and Kenneth Knowles and Aaron Tomb and Stephen N. Freund and Cormac Flanagan},
  title = {{Sage}: Hybrid Checking for Flexible Specifications},
  booktitle = {Scheme and Functional Programming Workshop},
  year = 2006,
  month = {September},
  pages = {93--104}
}

@article{henglein1994dts,
  author = {Henglein, Fritz},
  title = {Dynamic Typing: Syntax and Proof Theory},
  journal = {Science of Computer Programming},
  issue_date = {June 1994},
  volume = {22},
  number = {3},
  month = jun,
  year = {1994},
  @issn = {0167-6423},
  pages = {197--230},
  numpages = {34},
  @url = {http://dx.doi.org/10.1016/0167-6423(94)00004-2},
  @doi = {10.1016/0167-6423(94)00004-2},
  @acmid = {190867},
  publisher = {Elsevier North-Holland, Inc.},
  address = {Amsterdam, The Netherlands, The Netherlands},
}

@inproceedings{herman2007sgt,
  author = {David Herman and Aaron Tomb and Cormac Flanagan},
  title = {Space-Efficient Gradual Typing},
  booktitle = {Trends in Functional Programming},
  year = {2007},
  pages = {1-18},
}

@inproceedings{hisham2013luarocks,
  title = {{LuaRocks}: a declarative and extensible package management system for {Lua}},
  author = {Muhammad, Hisham and Mascarenhas, Fabio and Ierusalimschy, Roberto},
  booktitle = {Brazilian Symposium on Programming Languages},
  pages = {16--30},
  year = {2013},
  publisher = {Springer}
}

@inproceedings{homer2013modules,
  author = {Homer, Michael and Bruce, Kim B. and Noble, James and Black, Andrew P.},
  title = {Modules As Gradually-typed Objects},
  booktitle = {Proceedings of the 7th Workshop on Dynamic Languages and Applications},
  series = {DYLA '13},
  year = {2013},
  @isbn = {978-1-4503-2041-2},
  location = {Montpellier, France},
  pages = {1:1--1:8},
  articleno = {1},
  numpages = {8},
  @url = {http://doi.acm.org/10.1145/2489798.2489799},
  @doi = {10.1145/2489798.2489799},
  @acmid = {2489799},
  publisher = {ACM},
  address = {New York, NY, USA},
}

@inproceedings{lehtosalo2011alore,
  author = {Jukka Lehtosalo and David J. Greaves},
  title = {Language with a Pluggable Type System and Optional Runtime Monitoring of Type Errors},
  booktitle = {International Workshop on Scripts to Programs},
  series = {STOP '11},
  month = {January},
  year = {2011},
}

@misc{luainspect,
  author = {Manura, David},
  title = {{LuaInspect}},
  year = {2011},
  howpublished = {\url{https://github.com/davidm/lua-inspect}},
  note = {[Visited on February 2014]},
}

@misc{metalua,
  author = {Fleutot, Fabien},
  title = {{Metalua}: Static meta-programming for {Lua}},
  year = {2007},
  howpublished = {\url{https://github.com/fab13n/metalua}},
  note = {[Visited on February 2014]},
}

@book{moock2007as3,
  author = {Colin Moock},
  title = {Essential ActionScript 3.0},
  year = {2007},
  publisher = {O'Reilly},
}

@misc{moonscript,
  author = {Corcoran, Leaf},
  title = {{MoonScript}: A programmer friendly language that compiles to {Lua}},
  year = {2011},
  howpublished = {\url{http://moonscript.org/}},
  note = {[Visited on February 2014]},
}

@article{ou2004dtd,
  author = {Ou, Xinming and Tan, Gang and Mandelbaum, Yitzhak and Walker, David},
  title = {Dynamic typing with dependent types},
  journal = {Exploring new frontiers of theoretical informatics},
  pages = {437--450},
  year = {2004},
  publisher = {Springer}
}

@article{pierce2000lti,
  author = {Pierce, Benjamin C. and Turner, David N.},
  title = {Local Type Inference},
  journal = {ACM Transactions on Programming Languages and Systems (TOPLAS)},
  issue_date = {January 2000},
  volume = {22},
  number = {1},
  month = jan,
  year = {2000},
  @issn = {0164-0925},
  pages = {1--44},
  numpages = {44},
  @url = {http://doi.acm.org/10.1145/345099.345100},
  @doi = {10.1145/345099.345100},
  @acmid = {345100},
  publisher = {ACM},
  address = {New York, NY, USA},
  @keywords = {polymorphism, subtyping, type inference},
}

@book{pierce2002tpl,
  author = {Pierce, Benjamin C.},
  title = {Types and Programming Languages},
  year = {2002},
  isbn = {0-262-16209-1},
  publisher = {MIT Press},
  address = {Cambridge, MA, USA},
}

@misc{reticulated,
  author = {Michael Vitousek},
  title = {{Reticulated Python}},
  year = {2013},
  howpublished = {\url{https://github.com/mvitousek/reticulated}},
  note = {[Visited on Februrary 2014]}, 
}

@inproceedings{siek2006gradual,
  author = {Jeremy G. Siek and Walid Taha},
  title = {Gradual Typing for Functional Languages},
  booktitle = {Scheme and Functional Programming Workshop},
  year = 2006,
  month = {September},
  pages = {81--92}, 
}

@inproceedings{siek2007objects,
  author = {Siek, Jeremy G. and Taha, Walid},
  title = {Gradual Typing for Objects},
  booktitle = {Proceedings of the 21st European Conference on Object-Oriented Programming},
  series = {ECOOP'07},
  year = {2007},
  @isbn = {3-540-73588-7, 978-3-540-73588-5},
  location = {Berlin, Germany},
  pages = {2--27},
  numpages = {26},
  @url = {http://dl.acm.org/citation.cfm?id=2394758.2394762},
  @acmid = {2394762},
  publisher = {Springer-Verlag},
  address = {Berlin, Heidelberg},
}

@inproceedings{siek2009casts,
  author = {Siek, Jeremy G. and Garcia, Ronald and Taha, Walid},
  title = {Exploring the Design Space of Higher-Order Casts},
  booktitle = {Proceedings of the 18th European Symposium on Programming Languages and Systems: Held As Part of the Joint European Conferences on Theory and Practice of Software, ETAPS 2009},
  series = {ESOP '09},
  year = {2009},
  @isbn = {978-3-642-00589-3},
  location = {York, UK},
  pages = {17--31},
  numpages = {15},
  @url = {http://dx.doi.org/10.1007/978-3-642-00590-9_2},
  @doi = {10.1007/978-3-642-00590-9_2},
  @acmid = {1532977},
  publisher = {Springer-Verlag},
  address = {Berlin, Heidelberg},
}

@inproceedings{siek2010blame,
  author = {Siek, Jeremy G. and Wadler, Philip},
  title = {Threesomes, with and Without Blame},
  booktitle = {Proceedings of the 37th Annual ACM SIGPLAN-SIGACT Symposium on Principles of Programming Languages},
  series = {POPL '10},
  year = {2010},
  @isbn = {978-1-60558-479-9},
  location = {Madrid, Spain},
  pages = {365--376},
  numpages = {12},
  @url = {http://doi.acm.org/10.1145/1706299.1706342},
  @doi = {10.1145/1706299.1706342},
  @acmid = {1706342},
  publisher = {ACM},
  address = {New York, NY, USA},
  @keywords = {blame tracking, casts, coercions, lambda-calculus},
}

@techreport{siek2013mutable,
  author = {Jeremy G. Siek and Michael M. Vitousek and Shashank Bharadwaj},
  title = {Gradual Typing for Mutable Objects},
  institution = {University of Colorado},
  year = 2013,
  note = {[to be published]}
}

@inproceedings{steele1982ocl,
  author = {Steele,Jr., Guy L.},
  title = {An Overview of {Common} {LISP}},
  booktitle = {Proceedings of the 1982 ACM Symposium on LISP and Functional Programming},
  series = {LFP '82},
  year = {1982},
  @isbn = {0-89791-082-6},
  location = {Pittsburgh, Pennsylvania, USA},
  pages = {98--107},
  numpages = {10},
  @url = {http://doi.acm.org/10.1145/800068.802140},
  @doi = {10.1145/800068.802140},
  @acmid = {802140},
  publisher = {ACM},
  address = {New York, NY, USA},
}

@inproceedings{tang2007pri,
  author = {Tang, Audrey},
  title = {{Perl} 6: Reconciling the Irreconcilable},
  booktitle = {Proceedings of the 34th Annual ACM SIGPLAN-SIGACT Symposium on Principles of Programming Languages},
  series = {POPL '07},
  year = {2007},
  @isbn = {1-59593-575-4},
  location = {Nice, France},
  pages = {1},
  numpages = {1},
  @url = {http://doi.acm.org/10.1145/1190216.1190218},
  @doi = {10.1145/1190216.1190218},
  @acmid = {1190218},
  publisher = {ACM},
  address = {New York, NY, USA},
}

@inproceedings{thatte1990qst,
  author = {Thatte, Satish},
  title = {Quasi-static Typing},
  booktitle = {Proceedings of the 17th ACM SIGPLAN-SIGACT Symposium on Principles of Programming Languages},
  series = {POPL '90},
  year = {1990},
  @isbn = {0-89791-343-4},
  location = {San Francisco, California, USA},
  pages = {367--381},
  numpages = {15},
  @url = {http://doi.acm.org/10.1145/96709.96747},
  @doi = {10.1145/96709.96747},
  @acmid = {96747},
  publisher = {ACM},
  address = {New York, NY, USA},
}

@misc{tidallock,
  author = {Fleutot, Fabien},
  title = {{Tidal Lock}: Gradual Static Typing for {Lua}},
  year = {2013},
  howpublished = {\url{https://github.com/fab13n/metalua/tree/tilo/src/tilo}},
  note = {[Visited on Februrary 2014]},
}

@inproceedings{tobin-hochstadt2006ims,
  author = {Tobin-Hochstadt, Sam and Felleisen, Matthias},
  title = {Interlanguage Migration: From Scripts to Programs},
  booktitle = {Companion to the 21st ACM SIGPLAN Symposium on Object-oriented Programming Systems, Languages, and Applications},
  series = {OOPSLA '06},
  year = {2006},
  @isbn = {1-59593-491-X},
  location = {Portland, Oregon, USA},
  pages = {964--974},
  numpages = {11},
  @url = {http://doi.acm.org/10.1145/1176617.1176755},
  @doi = {10.1145/1176617.1176755},
  @acmid = {1176755},
  publisher = {ACM},
  address = {New York, NY, USA},
  @keywords = {{\$\lambda\$}-calculus, contract, interlanguage migration, module systems},
}

@inproceedings{tobin-hochstadt2008ts,
  author = {Tobin-Hochstadt, Sam and Felleisen, Matthias},
  title = {The Design and Implementation of {Typed Scheme}},
  booktitle = {Proceedings of the 35th Annual ACM SIGPLAN-SIGACT Symposium on Principles of Programming Languages},
  series = {POPL '08},
  year = {2008},
  @isbn = {978-1-59593-689-9},
  location = {San Francisco, California, USA},
  pages = {395--406},
  numpages = {12},
  @url = {http://doi.acm.org/10.1145/1328438.1328486},
  @doi = {10.1145/1328438.1328486},
  @acmid = {1328486},
  publisher = {ACM},
  address = {New York, NY, USA},
  @keywords = {scheme, type systems},
}

@misc{typescript,
  author = {Microsoft},
  title = {{TypeScript}},
  year = {2012},
  howpublished = {\url{http://www.typescriptlang.org/}},
  note = {[Visited on Februrary 2014]}, 
}

@inproceedings{wadler2009wpc,
  author = {Wadler, Philip and Findler, Robert Bruce},
  title = {Well-Typed Programs Can'T Be Blamed},
  booktitle = {Proceedings of the 18th European Symposium on Programming Languages and Systems: Held As Part of the Joint European Conferences on Theory and Practice of Software, ETAPS 2009},
  series = {ESOP '09},
  year = {2009},
  @isbn = {978-3-642-00589-3},
  location = {York, UK},
  pages = {1--16},
  numpages = {16},
  @url = {http://dx.doi.org/10.1007/978-3-642-00590-9_1},
  @doi = {10.1007/978-3-642-00590-9_1},
  @acmid = {1532976},
  publisher = {Springer-Verlag},
  address = {Berlin, Heidelberg},
}

@article{wells1999typability,
  author = {Wells, Joe B},
  title = {Typability and Type Checking in {System F} Are Equivalent and Undecidable},
  journal = {Annals of Pure and Applied Logic},
  volume = {98},
  number = {1},
  pages = {111--156},
  year = {1999},
  publisher = {Elsevier}
}
